@article{albayar2019biomarkers,
  title={Biomarkers in spinal cord injury: prognostic insights and future potentials},
  author={Albayar, Ahmed A and Roche, Abigail and Swiatkowski, Przemyslaw and Antar, Sarah and Ouda, Nouran and Emara, Eman and Smith, Douglas H and Ozturk, Ali K and Awad, Basem I},
  journal={Frontiers in neurology},
  pages={27},
  year={2019},
  publisher={Frontiers}
}

@article{hulme2017developing,
  title={The developing landscape of diagnostic and prognostic biomarkers for spinal cord injury in cerebrospinal fluid and blood},
  author={Hulme, Charlotte H and Brown, Sharon J and Fuller, Heidi R and Riddell, John and Osman, Aheed and Chowdhury, Joy and Kumar, Naveen and Johnson, W Eustace and Wright, Karina T},
  journal={Spinal Cord},
  volume={55},
  number={2},
  pages={114--125},
  year={2017},
  publisher={Nature Publishing Group}
}

@article{badhiwala2018review,
  title={A review of clinical trials in spinal cord injury including biomarkers},
  author={Badhiwala, Jetan H and Wilson, Jefferson R and Kwon, Brian K and Casha, Steven and Fehlings, Michael G},
  journal={Journal of neurotrauma},
  volume={35},
  number={16},
  pages={1906--1917},
  year={2018},
  publisher={Mary Ann Liebert, Inc. 140 Huguenot Street, 3rd Floor New Rochelle, NY 10801 USA}
}

@article{pouw2014structural,
  title={Structural biomarkers in the cerebrospinal fluid within 24 h after a traumatic spinal cord injury: a descriptive analysis of 16 subjects},
  author={Pouw, MH and Kwon, BK and Verbeek, MM and Vos, PE and Van Kampen, A and Fisher, CG and Street, J and Paquette, SJ and Dvorak, MF and Boyd, MC and others},
  journal={Spinal cord},
  volume={52},
  number={6},
  pages={428--433},
  year={2014},
  publisher={Nature Publishing Group}
}

@article{diaz2014acute,
  title={Acute biomarkers of traumatic brain injury: relationship between plasma levels of ubiquitin C-terminal hydrolase-L1 and glial fibrillary acidic protein},
  author={Diaz-Arrastia, Ramon and Wang, Kevin KW and Papa, Linda and Sorani, Marco D and Yue, John K and Puccio, Ava M and McMahon, Paul J and Inoue, Tomoo and Yuh, Esther L and Lingsma, Hester F and others},
  journal={Journal of neurotrauma},
  volume={31},
  number={1},
  pages={19--25},
  year={2014},
  publisher={Mary Ann Liebert, Inc. 140 Huguenot Street, 3rd Floor New Rochelle, NY 10801 USA}
}

@article{kwon2017cerebrospinal,
  title={Cerebrospinal fluid biomarkers to stratify injury severity and predict outcome in human traumatic spinal cord injury},
  author={Kwon, Brian K and Streijger, Femke and Fallah, Nader and Noonan, Vanessa K and B{\'e}langer, Lise M and Ritchie, Leanna and Paquette, Scott J and Ailon, Tamir and Boyd, Michael C and Street, John and others},
  journal={Journal of neurotrauma},
  volume={34},
  number={3},
  pages={567--580},
  year={2017},
  publisher={Mary Ann Liebert, Inc. 140 Huguenot Street, 3rd Floor New Rochelle, NY 10801 USA}
}

@article{kwon2010cerebrospinal,
  title={Cerebrospinal fluid inflammatory cytokines and biomarkers of injury severity in acute human spinal cord injury},
  author={Kwon, Brian K and Stammers, Anthea MT and Belanger, Lise M and Bernardo, Arlene and Chan, Donna and Bishop, Carole M and Slobogean, Gerard P and Zhang, Hongbin and Umedaly, Hamed and Giffin, Mitch and others},
  journal={Journal of neurotrauma},
  volume={27},
  number={4},
  pages={669--682},
  year={2010},
  publisher={Mary Ann Liebert, Inc. 140 Huguenot Street, 3rd Floor New Rochelle, NY 10801 USA}
}

@article{ahadi2015diagnostic,
  title={Diagnostic value of serum levels of GFAP, pNF-H, and NSE compared with clinical findings in severity assessment of human traumatic spinal cord injury},
  author={Ahadi, Reza and Khodagholi, Fariba and Daneshi, Abdolhadi and Vafaei, Ali and Mafi, Amir Ali and Jorjani, Masoumeh},
  journal={Spine},
  volume={40},
  number={14},
  pages={E823--E830},
  year={2015},
  publisher={LWW}
}

@article{hesp2015chronic,
  title={Chronic oligodendrogenesis and remyelination after spinal cord injury in mice and rats},
  author={Hesp, Zoe C and Goldstein, Evan A and Miranda, Carlos J and Kaspar, Brain K and McTigue, Dana M},
  journal={Journal of Neuroscience},
  volume={35},
  number={3},
  pages={1274--1290},
  year={2015},
  publisher={Soc Neuroscience}
}

@article{zhang2011neurological,
  title={Neurological, functional, and biomechanical characteristics after high-velocity behind armor blunt trauma of the spine},
  author={Zhang, Bo and Huang, Yifeng and Su, Zhenglin and Wang, Shuangping and Wang, Shu and Wang, Jianmin and Wang, Aimin and Lai, Xinan},
  journal={Journal of Trauma and Acute Care Surgery},
  volume={71},
  number={6},
  pages={1680--1688},
  year={2011},
  publisher={LWW}
}

@article{courtine2007can,
  title={Can experiments in nonhuman primates expedite the translation of treatments for spinal cord injury in humans?},
  author={Courtine, Gr{\'e}goire and Bunge, Mary Bartlett and Fawcett, James W and Grossman, Robert G and Kaas, Jon H and Lemon, Roger and Maier, Irin and Martin, John and Nudo, Randolph J and Ramon-Cueto, Almudena and others},
  journal={Nature medicine},
  volume={13},
  number={5},
  pages={561--566},
  year={2007},
  publisher={Nature Publishing Group}
}

@article{hrishi2019cerebrospinal,
  title={Cerebrospinal fluid (CSF) analysis and interpretation in neurocritical care for acute neurological conditions},
  author={Hrishi, Ajay Prasad and Sethuraman, Manikandan},
  journal={Indian Journal of Critical Care Medicine: peer-reviewed, official publication of Indian Society of Critical Care Medicine},
  volume={23},
  number={Suppl 2},
  pages={S115},
  year={2019},
  publisher={Indian Society of Critical Care Medicine}
}

@article{freund2019mri,
  title={MRI in traumatic spinal cord injury: from clinical assessment to neuroimaging biomarkers},
  author={Freund, Patrick and Seif, Maryam and Weiskopf, Nikolaus and Friston, Karl and Fehlings, Michael G and Thompson, Alan J and Curt, Armin},
  journal={The Lancet Neurology},
  volume={18},
  number={12},
  pages={1123--1135},
  year={2019},
  publisher={Elsevier}
}

@article{freund2016embodied,
  title={Embodied neurology: an integrative framework for neurological disorders},
  author={Freund, Patrick and Friston, Karl and Thompson, Alan J and Stephan, Klaas E and Ashburner, John and Bach, Dominik R and Nagy, Zoltan and Helms, Gunther and Draganski, Bogdan and Mohammadi, Siawoosh and others},
  journal={Brain},
  volume={139},
  number={6},
  pages={1855},
  year={2016},
  publisher={Oxford University Press}
}

@article{cohen2018microstructural,
  title={Microstructural imaging in the spinal cord and validation strategies},
  author={Cohen-Adad, Julien},
  journal={Neuroimage},
  volume={182},
  pages={169--183},
  year={2018},
  publisher={Elsevier}
}

@article{cadotte2018has,
  title={What has been learned from magnetic resonance imaging examination of the injured human spinal cord: a Canadian perspective},
  author={Cadotte, David W and Akbar, M Ali and Fehlings, Michael G and Stroman, Patrick W and Cohen-Adad, Julien},
  journal={Journal of neurotrauma},
  volume={35},
  number={16},
  pages={1942--1957},
  year={2018},
  publisher={Mary Ann Liebert, Inc. 140 Huguenot Street, 3rd Floor New Rochelle, NY 10801 USA}
}

@article{freund2013mri,
  title={MRI investigation of the sensorimotor cortex and the corticospinal tract after acute spinal cord injury: a prospective longitudinal study},
  author={Freund, Patrick and Weiskopf, Nikolaus and Ashburner, John and Wolf, Katharina and Sutter, Reto and Altmann, Daniel R and Friston, Karl and Thompson, Alan and Curt, Armin},
  journal={The Lancet Neurology},
  volume={12},
  number={9},
  pages={873--881},
  year={2013},
  publisher={Elsevier}
}

@article{seif2018quantitative,
  title={Quantitative MRI of rostral spinal cord and brain regions is predictive of functional recovery in acute spinal cord injury},
  author={Seif, Maryam and Curt, Armin and Thompson, Alan J and Grabher, Patrick and Weiskopf, Nikolaus and Freund, Patrick},
  journal={NeuroImage: Clinical},
  volume={20},
  pages={556--563},
  year={2018},
  publisher={Elsevier}
}

@article{vedantam2014diffusion,
  title={Diffusion tensor imaging of the spinal cord: insights from animal and human studies},
  author={Vedantam, Aditya and Jirjis, Michael B and Schmit, Brian D and Wang, Marjorie C and Ulmer, John L and Kurpad, Shekar N},
  journal={Neurosurgery},
  volume={74},
  number={1},
  pages={1--8},
  year={2014},
  publisher={Oxford University Press}
}

@article{novikov2018modeling,
  title={On modeling},
  author={Novikov, Dmitry S and Kiselev, Valerij G and Jespersen, Sune N},
  journal={Magnetic resonance in medicine},
  volume={79},
  number={6},
  pages={3172--3193},
  year={2018},
  publisher={Wiley Online Library}
}

@article{purcell1946resonance,
  title={Resonance absorption by nuclear magnetic moments in a solid},
  author={Purcell, Edward M and Torrey, Henry Cutler and Pound, Robert V},
  journal={Physical review},
  volume={69},
  number={1-2},
  pages={37},
  year={1946},
  publisher={APS}
}

@book{bushberg2011essential,
  title={The essential physics of medical imaging},
  author={Bushberg, Jerrold T and Boone, John M},
  year={2011},
  publisher={Lippincott Williams \& Wilkins}
}

@article{kaden2016quantitative,
  title={Quantitative mapping of the per-axon diffusion coefficients in brain white matter},
  author={Kaden, Enrico and Kruggel, Frithjof and Alexander, Daniel C},
  journal={Magnetic resonance in medicine},
  volume={75},
  number={4},
  pages={1752--1763},
  year={2016},
  publisher={Wiley Online Library}
}

@article{zhang2012noddi,
  title={NODDI: practical in vivo neurite orientation dispersion and density imaging of the human brain},
  author={Zhang, Hui and Schneider, Torben and Wheeler-Kingshott, Claudia A and Alexander, Daniel C},
  journal={Neuroimage},
  volume={61},
  number={4},
  pages={1000--1016},
  year={2012},
  publisher={Elsevier}
}

@article{alexander2010orientationally,
  title={Orientationally invariant indices of axon diameter and density from diffusion MRI},
  author={Alexander, Daniel C and Hubbard, Penny L and Hall, Matt G and Moore, Elizabeth A and Ptito, Maurice and Parker, Geoff JM and Dyrby, Tim B},
  journal={Neuroimage},
  volume={52},
  number={4},
  pages={1374--1389},
  year={2010},
  publisher={Elsevier}
}

@article{griffiths2005introduction,
  title={Introduction to quantum mechanics},
  author={Griffiths, David J},
  journal={Prentice Hall),},
  volume={23},
  pages={26},
  year={2005}
}

@article{rohmer2006bloch,
  title={A bloch-torrey equation for diffusion in a deforming media},
  author={Rohmer, Damien and Gullberg, Grant T},
  year={2006}
}

@article{jensen2005diffusional,
  title={Diffusional kurtosis imaging: the quantification of non-gaussian water diffusion by means of magnetic resonance imaging},
  author={Jensen, Jens H and Helpern, Joseph A and Ramani, Anita and Lu, Hanzhang and Kaczynski, Kyle},
  journal={Magnetic Resonance in Medicine: An Official Journal of the International Society for Magnetic Resonance in Medicine},
  volume={53},
  number={6},
  pages={1432--1440},
  year={2005},
  publisher={Wiley Online Library}
}

@book{mori2007introduction,
  title={Introduction to diffusion tensor imaging},
  author={Mori, Susumu},
  year={2007},
  publisher={Elsevier}
}

@article{jelescu2016degeneracy,
  title={Degeneracy in model parameter estimation for multi-compartmental diffusion in neuronal tissue},
  author={Jelescu, Ileana O and Veraart, Jelle and Fieremans, Els and Novikov, Dmitry S},
  journal={NMR in Biomedicine},
  volume={29},
  number={1},
  pages={33--47},
  year={2016},
  publisher={Wiley Online Library}
}

@article{wang2011quantification,
  title={Quantification of increased cellularity during inflammatory demyelination},
  author={Wang, Yong and Wang, Qing and Haldar, Justin P and Yeh, Fang-Cheng and Xie, Mingqiang and Sun, Peng and Tu, Tsang-Wei and Trinkaus, Kathryn and Klein, Robyn S and Cross, Anne H and others},
  journal={Brain},
  volume={134},
  number={12},
  pages={3590--3601},
  year={2011},
  publisher={Oxford University Press}
}